@article{autor2023,
  author = {Autor, A.},
  title = {Título del Artículo},
  journal = {Nombre de la Revista},
  volume = {XX},
  number = {YY},
  pages = {123-456},
  year = {2023},
  doi = {10.1234/abcde.2023.45678},
}

@inproceedings{investigador2023,
  author = {Investigador, I.},
  title = {Título de la Conferencia},
  booktitle = {Nombre de la Conferencia},
  year = {2023},
  address = {Lugar de la Conferencia},
  pages = {789-1011},
}
